%% articles
@article{teleage,
	Author = {Rob Procter, Joe Wherton, Trish Greenhalgh etc.},
	title = {Telecare Call Centre Work and Ageing in Place},
  publisher = "\textsuperscript{\textcopyright} Springer Netherlands",
	Doi = {0.1007/s10606-015-9242-5},
	journal = {Computer Supported Cooperative Work},
  volume = 25,
	Url = {https://link.springer.com/article/10.1007/s10606-015-9242-5},
	Year = {2016},
}


%% inproceedings
@inproceedings{25yearsofCSCW,
	author = "Geraldine Fitzpatrick, Gunnar Ellingsen",
	title = {A Review of 25 Years of CSCW Research in Healthcare},
  publisher = "\textsuperscript{\textcopyright}Springer",
	doi = {10.1007/s10606-012-9168-0},
	booktitle = {Computer Supported Cooperative Work (2013)},
	Url = {http://link.springer.com/article/10.1007/s10606-012-9168-0},
	Year = {2012},
  pages = {1-2},
}


%% proceedings
@proceedings{who2000,
	howpublished = {\url{http://www.who.int/whr/2000/en/}. Letzter Zugriff 27.04.2017},
  organization = "\textsuperscript{\textcopyright} World Health Organization 2000",
  note = {Pages 8. Online erh\"altlich unter \url{http://www.who.int/whr/2000/en/}. Letzter Zugriff 11.05.2017},
  year= {2000},
  address = {1211 Geneva 27, Switzerland},
	title = {The world health report 2000},
}


%% books
@book{cscwkomp,
	author = {Gerhard Schwabe, Norbert Streitz, Rainer Unland (Hrsg.) etc.},
	title = {CSCW-Kompendium - Lehr- und Handbuch zum computerunterst\"utzten kooperativen Arbeiten},
	address = {Berlin},
  note = "Pages 2, 10-12, 159-194.",
  publisher = {\textsuperscript{\textcopyright} Springer},
	booktitle = {CSCW-Kompendium},
	year = {2001},
}


@misc{oscdata,
  date-Modified = {2017-04-07 14:35:10 +0200},
  howpublished = {\url{https://data.oecd.org/germany.htm#profile-health}. Letzter Zugriff 17.04.2017},
  title = {OSCD Health Data},
}


